
@article{buongiorno2021gfpmx,
  title={GFPMX: A Cobweb Model of the Global Forest Sector, with an Application to the Impact of the COVID-19 Pandemic},
  author={Buongiorno, Joseph},
  journal={Sustainability},
  volume={13},
  number={10},
  pages={5507},
  year={2021},
  publisher={MDPI}
}
